% This file was created with Citavi 6.7.5.11

@misc{DanielStenbergandContributers.2020,
 author = {{Daniel Stenberg and Contributers}},
 year = {2020},
 title = {curl},
 url = {https://curl.haxx.se/},
 urldate = {05.11.2020}
}


@book{Doglio.2018,
 author = {Doglio, Fernando},
 year = {2018},
 title = {REST API Development with Node.js: Manage and Understand the Full Capabilities of Successful REST Development},
 keywords = {Computer science;Software Engineering},
 address = {Berkeley, CA},
 edition = {2nd ed.},
 publisher = {Apress},
 isbn = {9781484237144},
 doi = {10.1007/978-1-4842-3715-1},
 file = {Fernando Doglio - REST API Development with Node.js-Apress (2018).pdf}
}


@book{Finelli.October2017,
 abstract = {Rich Finelli's modern CSS training course, based on his bestselling Mastering CSS video, now available in a book. Master CSS from best practices to practical CSS coding.  About This Book  * Learn CSS directly from Rich Finelli, author of the bestselling Mastering CSS training course * From best practices to deep coding, Rich Finelli shares his CSS knowledge with you * Rich Finelli covers the latest CSS updates with flexbox and works with retina devices  Who This Book Is For  This book is for web designers who wish to master the best practices of CSS in their web projects. You already know how to work with a web page, and want to use CSS to master website presentation.  What You Will Learn  * Master fundamental CSS concepts like the anatomy of a rule set, the box model, and the differences between block and inline elements * Employ flexbox to layout and align elements simply and cleanly * Become proficient with CSS3 properties such as transitions, transforms, gradients, and animations * Delve into modular, reusable, and scalable CSS for more organized and maintainable style sheets * Understand media queries and other pillars of responsive web design * Get creative with the @font-face property, Google Web Fonts, font services such as Typekit, as well as, icon fonts * Understand the workflow for HiDPI (retina) devices using 2x images, SVG, and the srcset attribute  In Detail  Rich Finelli trains you in CSS deep learning and shows you the techniques you need to work in the world of responsive, feature-rich web applications. Based on his bestselling Mastering CSS training video, you can now learn with Rich in this book! Rich shares with you his skills in creating advanced layouts, and the critical CSS insights you need for responsive web designs, fonts, transitions, animations, and using flexbox. Rich begins your CSS training with a review of CSS best practices, such as using a good text editor to automate your authoring and setting up a CSS baseline. You then move on to create a responsive layout making use of floats and stylable drop-down menus, with Rich guiding you toward a modular-organized approach to CSS. Your training with Rich Finelli then dives into detail about working with CSS and the best solutions to make your websites work. You'll go with him into CSS3 properties, transforms, transitions, and animations. You'll gain his understanding of responsive web designs, web fonts, icon fonts, and the techniques used to support retina devices. Rich expands your knowledge of CSS so you can master one of the most valuable tools in modern web design.  Style and approach  Let Rich Finelli train you in CSS! This book has a direct training style because it is based on Rich's bestselling Mastering CSS training course.},
 author = {Finelli, Rich},
 year = {October 2017},
 title = {Mastering CSS},
 address = {Birmingham and Mumbai},
 publisher = {Packt},
 isbn = {1787281582},
 file = {http://vub.de/cover/data/isbn:9781787281585/medium/true/de/vub/cover.jpg},
 file = {http://vub.de/cover/data/isbn:9781787281585/medium/true/de/vub/cover.jpg}
}


@book{Gerner.2006,
 author = {Gerner, Jason},
 year = {2006},
 title = {Professional LAMP: Linux, Apache, MySQL, and PHP Web development},
 url = {http://www.loc.gov/catdir/enhancements/fy0623/2005026487-d.html},
 address = {Indianapolis, Ind.},
 publisher = {Wiley},
 isbn = {9780764597237},
 series = {Programmer to programmer},
 file = {http://www.loc.gov/catdir/enhancements/fy0654/2005026487-b.html},
 file = {Jason Gerner, Morgan Owens, Elizabeth Naramore, Matt Warden, Jeremy Stolz - Professional LAMP_ Linux, Apache, MySQL, and PHP5 Web Development-Wrox (2005).pdf},
 file = {http://www.loc.gov/catdir/enhancements/fy0654/2005026487-t.html}
}


@article{Hunt.1998,
 author = {Hunt, Ray},
 year = {1998},
 title = {Internet/Intranet firewall security---policy, architecture and transaction services},
 pages = {1107--1123},
 volume = {21},
 number = {13},
 issn = {01403664},
 journal = {Computer Communications},
 doi = {10.1016/S0140-3664(98)00173-X}
}


@misc{igorklopov.2020,
 author = {igorklopov},
 year = {2020},
 title = {pkg - npm},
 url = {https://www.npmjs.com/package/pkg},
 urldate = {06.11.2020}
}


@misc{Joschua.20201219,
 author = {Joschua, Wise},
 year = {2020},
 title = {better-sqlite3 - npm},
 url = {https://www.npmjs.com/package/better-sqlite3},
 urldate = {2020-12-23}
}


@book{Masse.2012,
 author = {Mass{\'e}, Mark},
 year = {2012},
 title = {REST API design rulebook: Designing consistent RESTful Web Service Interfaces},
 keywords = {Application program interfaces (Computer software);REST},
 address = {Beijing},
 publisher = {O'Reilly},
 isbn = {9781449310509},
 file = {http://www.gbv.de/dms/tib-ub-hannover/68788120x.pdf},
 file = {Mark Masse - REST API Design Rulebook  -O'Reilly Media (2011).pdf}
}


@misc{MDNWebDokumentation.28.10.2020,
 author = {MDN-Web-Dokumentation},
 year = {2020},
 title = {JavaScript modules},
 url = {https://developer.mozilla.org/de/docs/Web/JavaScript/Guide/Modules},
 urldate = {28.10.2020}
}


@misc{Mozilla.2020,
 abstract = {This guide gives you all you need to get started with JavaScript module syntax.},
 author = {{Mozilla MDN Webdocs}},
 year = {2020},
 title = {JavaScript modules},
 url = {https://developer.mozilla.org/en-US/docs/Web/JavaScript/Guide/Modules},
 urldate = {12.4.2020}
}


@misc{NetworkWorkingGroup.2005,
 author = {{Network Working Group}},
 year = {1999},
 title = {RFC 2617 - HTTP Authentication: Basic and Digest Access Authentication},
 url = {https://tools.ietf.org/html/rfc3986},
 urldate = {23.12.2020}
}


@misc{nwg.1999,
 author = {{Network Working Group}},
 year = {27.3.2020},
 title = {RFC 2616 - Hypertext Transfer Protocol -- HTTP/1.1},
 url = {https://tools.ietf.org/html/rfc2616},
 urldate = {11.4.2020}
}


@misc{nwg.2005,
 author = {{Network Working Group}},
 year = {2005},
 title = {RFC 3986 - Uniform Resource Identifier (URI): Generic Syntax},
 url = {https://tools.ietf.org/html/rfc3986},
 urldate = {11.4.2020}
}


@misc{nwg.csv.1999,
 author = {{Network Working Group}},
 year = {27.3.2020},
 title = {RFC 4180 - Common Format and MIME Type for Comma-Separated Values (CSV) Files},
 url = {https://tools.ietf.org/html/rfc4180},
 urldate = {12.4.2020}
}


@book{Resig.2016,
 author = {Resig, John and Bibeault, Bear and Maras, Josip},
 year = {2016},
 title = {Secrets of the JavaScript ninja},
 url = {http://proquest.tech.safaribooksonline.de/9781617292859},
 keywords = {JavaScript (Computer program language)},
 address = {Shelter Island, NY},
 edition = {Second edition},
 publisher = {{Manning Publications}},
 isbn = {9781617292859}
}


@book{Sommerville.2016,
 author = {Sommerville, Ian},
 year = {2016},
 title = {Software engineering},
 price = {Broschur : EUR 85.55},
 edition = {Tenth edition, global edition},
 publisher = {Pearson},
 isbn = {978-1-292-09613-1},
 series = {Always learning},
 file = {sommerville-software-engineering-10ed.pdf},
 file = {http://www.gbv.de/dms/tib-ub-hannover/835479617.pdf}
}


@misc{VsevolodStrukchinsky.2020,
 author = {{Vsevolod Strukchinsky, Vladimir Starkov and contributors}},
 year = {2020},
 title = {BEM - Block Element Modifier},
 url = {http://getbem.com/}
}


